<?xml version="1.0" encoding="UTF-8"?><collection xmlns="http://www.loc.gov/MARC21/slim"><record><leader>00512nam--2200133-i-4500</leader><controlfield tag="001">000023249</controlfield><controlfield tag="002">20161230</controlfield><controlfield tag="005">20161230201034</controlfield><controlfield tag="008">060222s1000------------r-----000-0-eng-d</controlfield><datafield ind1=" " ind2=" " tag="080"><subfield code="a">016:63:621.039.8</subfield></datafield><datafield ind1=" " ind2=" " tag="245"><subfield code="a">Induction de mutations chez les plantes superieurs d`interet agrocole par les rayonnements beta, gamma, les neutrons et les protons. 1955-1960</subfield></datafield><datafield ind1=" " ind2=" " tag="260"><subfield code="a">Gif-sur-yvette, Departament De Biologie  Des Applications Agronomiques, 1962. 282p</subfield></datafield><datafield ind1=" " ind2=" " tag="490"><subfield code="a">Ira, 1962. Etude Bibliographique</subfield></datafield><datafield ind1=" " ind2=" " tag="852"><subfield code="a">D.1293</subfield></datafield></record></collection>